

@article{babivc2009biarticulated,
  title={A biarticulated robotic leg for jumping movements: theory and experiments},
  author={Babi{\v{c}}, J and Lim, Bokman and Omr{\v{c}}en, D and Lenar{\v{c}}i{\v{c}}, J and Park, FC},
  journal={Journal of mechanisms and robotics},
  volume={1},
  number={1},
  pages={011013},
  year={2009},
  publisher={American Society of Mechanical Engineers}
}

@inproceedings{garabini2011optimality,
  title={Optimality principles in variable stiffness control: The vsa hammer},
  author={Garabini, Manolo and Passaglia, Andrea and Belo, Felipe and Salaris, Paolo and Bicchi, Antonio},
  booktitle={Intelligent Robots and Systems (IROS), 2011 IEEE/RSJ International Conference on},
  pages={3770--3775},
  year={2011},
  organization={IEEE}
}

@inproceedings{velasco2013soft,
  title={Soft-actuators in cyclic motion: Analytical optimization of stiffness and pre-load},
  author={Velasco, Alexandra and Gasparri, Gian Maria and Garabini, Manolo and Malagia, Lorenzo and Salaris, Paolo and Bicchi, Antonio},
  booktitle={Humanoid Robots (Humanoids), 2013 13th IEEE-RAS International Conference on},
  pages={354--361},
  year={2013},
  organization={IEEE}
}

@inproceedings{yesilevskiy2015comparison,
  title={A comparison of series and parallel elasticity in a monoped hopper},
  author={Yesilevskiy, Yevgeniy and Xi, Weitao and Remy, C David},
  booktitle={Robotics and Automation (ICRA), 2015 IEEE International Conference on},
  pages={1036--1041},
  year={2015},
  organization={IEEE}
}

@inproceedings{liu2015spear,
  title={SPEAR: A monopedal robot with Switchable Parallel Elastic actuation},
  author={Liu, Xin and Rossi, Anthony and Poulakakis, Ioannis},
  booktitle={Intelligent Robots and Systems (IROS), 2015 IEEE/RSJ International Conference on},
  pages={5142--5147},
  year={2015},
  organization={IEEE}
}

@inproceedings{pratt1995series,
  title={Series elastic actuators},
  author={Pratt, Gill A and Williamson, Matthew M},
  booktitle={Intelligent Robots and Systems 95.'Human Robot Interaction and Cooperative Robots', Proceedings. 1995 IEEE/RSJ International Conference on},
  volume={1},
  pages={399--406},
  year={1995},
  organization={IEEE}
}

@article{iida2009toward,
  title={Toward a human-like biped robot with compliant legs},
  author={Iida, Fumiya and Minekawa, Yohei and Rummel, J{\"u}rgen and Seyfarth, Andr{\'e}},
  journal={Robotics and Autonomous Systems},
  volume={57},
  number={2},
  pages={139--144},
  year={2009},
  publisher={Elsevier}
}

@inproceedings{niiyama2007mowgli,
  title={Mowgli: A bipedal jumping and landing robot with an artificial musculoskeletal system},
  author={Niiyama, Ryuma and Nagakubo, Akihiko and Kuniyoshi, Yasuo},
  booktitle={Robotics and Automation, 2007 IEEE International Conference on},
  pages={2546--2551},
  year={2007},
  organization={IEEE}
}


@article{roozing2016design,
  title={Design optimisation and control of compliant actuation arrangements in articulated robots for improved energy efficiency},
  author={Roozing, Wesley and Li, Zhibin and Caldwell, Darwin G and Tsagarakis, Nikos G},
  journal={IEEE Robotics and Automation Letters},
  volume={1},
  number={2},
  pages={1110--1117},
  year={2016},
  publisher={IEEE}
}

@article{roozing2016development,
  title={Development and control of a compliant asymmetric antagonistic actuator for energy efficient mobility},
  author={Roozing, Wesley and Li, Zhibin and Medrano-Cerda, Gustavo A and Caldwell, Darwin G and Tsagarakis, Nikos G},
  journal={IEEE/ASME Transactions on Mechatronics},
  volume={21},
  number={2},
  pages={1080--1091},
  year={2016},
  publisher={IEEE}
}

%@article{roozing2017design,
%  title={Design of a Novel 3-DoF Leg with Series and Parallel Compliant Actuation for Energy Efficient Articulated Robots},
%  author={Roozing, Wesley and Zeyu, Ren and Tsagarakis, Nikos G},
%  journal={},
%  volume={},
%  number={},
%  pages={},
%  year={},
%  publisher={}
%}


@inproceedings{albro2000computation,
  title={On the computation of optimal high-dives},
  author={Albro, Juanita V and Sohl, Garett A and Bobrow, James E and Park, Frank C},
  booktitle={Robotics and Automation, 2000. Proceedings. ICRA'00. IEEE International Conference on},
  volume={4},
  pages={3958--3963},
  year={2000},
  organization={IEEE}
}

@inproceedings{albro2001optimal,
  title={Optimal motion primitives for a 5 dof experimental hopper},
  author={Albro, Juanita V and Bobrow, James E},
  booktitle={Robotics and Automation, 2001. Proceedings 2001 ICRA. IEEE International Conference on},
  volume={4},
  pages={3630--3635},
  year={2001},
  organization={IEEE}
}



@article{featherstone1984robot,
	title={Robot dynamics algorithms},
	author={Featherstone, Roy},
	year={1984},
	publisher={The University of Edinburgh}
}

@inproceedings{nakanishi2007inverse,
  title={Inverse dynamics control with floating base and constraints},
  author={Nakanishi, Jun and Mistry, Michael and Schaal, Stefan},
  booktitle={Robotics and Automation, 2007 IEEE International Conference on},
  pages={1942--1947},
  year={2007},
  organization={IEEE}
}



@article{verstraten2016energy,
  title={Energy consumption of geared DC motors in dynamic applications: Comparing modeling approaches},
  author={Verstraten, Tom and Furn{\'e}mont, Raphael and Mathijssen, Glenn and Vanderborght, Bram and Lefeber, Dirk},
  journal={IEEE Robotics and Automation Letters},
  volume={1},
  number={1},
  pages={524--530},
  year={2016},
  publisher={IEEE}
}


@article{kaphle2008optimality,
  title={Optimality in forward dynamics simulations},
  author={Kaphle, Manindra and Eriksson, Anders},
  journal={Journal of Biomechanics},
  volume={41},
  number={6},
  pages={1213--1221},
  year={2008},
  publisher={Elsevier}
}


@article{schenau1989rotation,
  title={From rotation to translation: Constraints on multi-joint movements and the unique action of bi-articular muscles},
  author={Schenau, Gerrit Jan Van Ingen},
  journal={Human Movement Science},
  volume={8},
  number={4},
  pages={301--337},
  year={1989},
  publisher={Elsevier}
}

@article{prilutsky1994tendon,
  title={Tendon action of two-joint muscles: transfer of mechanical energy between joints during jumping, landing, and running},
  author={Prilutsky, Boris I and Zatsiorsky, Vladimir M},
  journal={Journal of biomechanics},
  volume={27},
  number={1},
  pages={25--34},
  year={1994},
  publisher={Elsevier}
}

@inproceedings{ude2000planning,
	title={Planning of joint trajectories for humanoid robots using B-spline wavelets},
	author={Ude, Ales and Atkeson, Christopher G and Riley, Marcia},
	booktitle={Robotics and Automation, 2000. Proceedings. ICRA'00. IEEE International Conference on},
	volume={3},
	pages={2223--2228},
	year={2000},
	organization={IEEE}
}

@inproceedings{wang1999weight,
	title={Weight lifting motion planning for a Puma 762 robot},
	author={Wang, C-YE and Timoszyk, Wojciech K and Bobrow, James E},
	booktitle={Robotics and Automation, 1999. Proceedings. 1999 IEEE International Conference on},
	volume={1},
	pages={480--485},
	year={1999},
	organization={IEEE}
}

@inproceedings{oshima2007jumping,
	title={Jumping mechanism imitating vertebrate by the mechanical function of bi-articular muscle},
	author={Oshima, Toru and Momose, Noboru and Koyanagi, Ken'ichi and Matsuno, Takayuki and Fujikawa, Tomohiko},
	booktitle={Mechatronics and Automation, 2007. ICMA 2007. International Conference on},
	pages={1920--1925},
	year={2007},
	organization={IEEE}
}

@inproceedings{hyon2002development,
	title={Development of a biologically inspired hopping robot-" Kenken"},
	author={Hyon, Sang-Ho and Mita, Tsutomu},
	booktitle={Robotics and Automation, 2002. Proceedings. ICRA'02. IEEE International Conference on},
	volume={4},
	pages={3984--3991},
	year={2002},
	organization={IEEE}
}

@book{zeglin1999bow,
	title={The bow leg hopping robot},
	author={Zeglin, Garth},
	year={1999},
	publisher={Carnegie Mellon University Pittburgh, PA}
}

@article{tsagarakis2017walk,
	title={WALK-MAN: A High-Performance Humanoid Platform for Realistic Environments},
	author={Tsagarakis, Nikos G and Caldwell, Darwin G and Negrello, F and Choi, W and Baccelliere, L and Loc, VG and Noorden, J and Muratore, L and Margan, A and Cardellino, A and others},
	journal={Journal of Field Robotics},
	volume={34},
	number={7},
	pages={1225--1259},
	year={2017},
	publisher={Wiley Online Library}
}

@inproceedings{roozing_design_2018,
	title = {Design of a Novel 3-DoF Leg with Series and Parallel Compliant Actuation for Energy Efficient Articulated Robots},
	booktitle = {2018 {IEEE} International Conference on Robotics and Automation ({ICRA})},
	publisher = {{Accepted}},
	author = {Roozing, W and Ren, Z and Tsagarkis, N. G.},
	date = {2018},
	intype = {to appear in}
}
